@misc{vb,
	title 			= "{V}enture {B}eat",
	author		= "",
	key			= "Venture Beat",
	howpublished 	= "\url{http://venturebeat.com/2011/04/04/symantec-identified-286m-malware-threats-in-2010/}",
	note	 		= "Accessed 2016-12-15"}

@article{ranveer_hiray_2015, title={Comparative Analysis of Feature Extraction Methods of Malware Detection}, volume={120}, DOI={10.5120/21220-3960}, number={5}, journal={International Journal of Computer Applications}, author={Ranveer, Smita and Hiray, Swapnaja}, year={2015}, pages={1-7}}

@article{moser_kruegel_kirda_2007, title={Limits of Static Analysis for Malware Detection}, DOI={10.1109/acsac.2007.4413008}, journal={Twenty-Third Annual Computer Security Applications Conference (ACSAC 2007)}, author={Moser, Andreas and Kruegel, Christopher and Kirda, Engin}, year={2007}}


@inproceedings{sharif2008impeding,
	title={Impeding Malware Analysis Using Conditional Code Obfuscation.},
	author={Sharif, Monirul I and Lanzi, Andrea and Giffin, Jonathon T and Lee, Wenke},
	booktitle={NDSS},
	year={2008}
}

@INPROCEEDINGS{5633410, 
	author={I. You and K. Yim}, 
	booktitle={2010 International Conference on Broadband, Wireless Computing, Communication and Applications}, 
	title={Malware Obfuscation Techniques: A Brief Survey}, 
	year={2010}, 
	pages={297-300}, 
	keywords={invasive software;encrypted malware;malware obfuscation technique;metamorphic malware;oligomorphic malware;polymorphic malware;Algorithms;Cryptography;History;Malware;Registers;Software;Malware;Metamorphic;Obfuscation;Polymorphic}, 
	doi={10.1109/BWCCA.2010.85}, 
	month={Nov},}

@Article{Bayer2006,
	author="Bayer, Ulrich
	and Moser, Andreas
	and Kruegel, Christopher
	and Kirda, Engin",
	title="Dynamic Analysis of Malicious Code",
	journal="Journal in Computer Virology",
	year="2006",
	volume="2",
	number="1",
	pages="67--77",
	issn="1772-9904",
	doi="10.1007/s11416-006-0012-2",
	url="http://dx.doi.org/10.1007/s11416-006-0012-2"
}


@INPROCEEDINGS{4317914, 
	author={T. H. Lee}, 
	booktitle={2007 16th International Conference on Computer Communications and Networks}, 
	title={Generalized Aho-Corasick Algorithm for Signature Based Anti-Virus Applications}, 
	year={2007}, 
	pages={792-797}, 
	keywords={computer viruses;finite state machines;pattern matching;Aho-Corasick algorithm;ClamAV;antivirus/worm software module;pattern matching;signature matching;Algorithm design and analysis;Automata;Doped fiber amplifiers;Internet;Open source software;Pattern analysis;Pattern matching;Protocols;Viruses (medical);Wire}, 
	doi={10.1109/ICCCN.2007.4317914}, 
	ISSN={1095-2055}, 
	month={Aug},}


@article{Egele:2008:SAD:2089125.2089126,
	author = {Egele, Manuel and Scholte, Theodoor and Kirda, Engin and Kruegel, Christopher},
	title = {A Survey on Automated Dynamic Malware-analysis Techniques and Tools},
	journal = {ACM Comput. Surv.},
	issue_date = {February 2012},
	volume = {44},
	number = {2},
	month = mar,
	year = {2008},
	issn = {0360-0300},
	pages = {6:1--6:42},
	articleno = {6},
	numpages = {42},
	url = {http://doi.acm.org/10.1145/2089125.2089126},
	doi = {10.1145/2089125.2089126},
	acmid = {2089126},
	publisher = {ACM},
	address = {New York, NY, USA},
	keywords = {Dynamic analysis, malware},
} 

@inproceedings{Nataraj:2011:MIV:2016904.2016908,
	author = {Nataraj, L. and Karthikeyan, S. and Jacob, G. and Manjunath, B. S.},
	title = {Malware Images: Visualization and Automatic Classification},
	booktitle = {Proceedings of the 8th International Symposium on Visualization for Cyber Security},
	series = {VizSec '11},
	year = {2011},
	isbn = {978-1-4503-0679-9},
	location = {Pittsburgh, Pennsylvania, USA},
	pages = {4:1--4:7},
	articleno = {4},
	numpages = {7},
	url = {http://doi.acm.org/10.1145/2016904.2016908},
	doi = {10.1145/2016904.2016908},
	acmid = {2016908},
	publisher = {ACM},
	address = {New York, NY, USA},
	keywords = {computer security, image processing, image texture, malware, malware classification, malware visualization, visualization},
} 

@article{Oliva:2001:MSS:598425.598462,
	author = {Oliva, Aude and Torralba, Antonio},
	title = {Modeling the Shape of the Scene: A Holistic Representation of the Spatial Envelope},
	journal = {Int. J. Comput. Vision},
	issue_date = {May-June 2001},
	volume = {42},
	number = {3},
	month = may,
	year = {2001},
	issn = {0920-5691},
	pages = {145--175},
	numpages = {31},
	url = {http://dx.doi.org/10.1023/A:1011139631724},
	doi = {10.1023/A:1011139631724},
	acmid = {598462},
	publisher = {Kluwer Academic Publishers},
	address = {Hingham, MA, USA},
	keywords = {energy spectrum, natural images, principal components, scene recognition, spatial layout},
} 

@inproceedings{douze2009evaluation,
	title={Evaluation of GIST descriptors for web-scale image search},
	author={Douze, Matthijs and J{\'e}gou, Herv{\'e} and Sandhawalia, Harsimrat and Amsaleg, Laurent and Schmid, Cordelia},
	booktitle={ACM International Conference on Image and Video Retrieval},
	pages={19},
	year={2009},
	organization={ACM}
}

@INPROCEEDINGS{7397539, 
	author={M. Arefkhani and M. Soryani}, 
	booktitle={2015 9th Iranian Conference on Machine Vision and Image Processing (MVIP)}, 
	title={Malware clustering using image processing hashes}, 
	year={2015}, 
	pages={214-218}, 
	keywords={Big Data;cryptography;image processing;invasive software;pattern clustering;big data processing;image processing perceptual hashing method;malware clustering;time complexity;Ash;Conferences;Irrigation;Malware;Big Data;Image Processing;LSH;Malware clustering}, 
	doi={10.1109/IranianMVIP.2015.7397539}, 
	month={Nov},}

